@inproceedings{NuEa:RE,
author = {Nuseibeh and Easterbrook},
editor = {Editor},
title = {Requirements engineering: a roadmap},
booktitle = {ICSE2000},
year = {2000},
OPTsubtitle = {•},
OPTtitleaddon = {•},
OPTmaintitle = {•},
OPTmainsubtitle = {•},
OPTmaintitleaddon = {•},
OPTbooksubtitle = {•},
OPTbooktitleaddon = {•},
OPTeventtitle = {•},
OPTeventdate = {•},
OPTvenue = {•},
OPTlanguage = {•},
OPTvolume = {•},
OPTpart = {•},
OPTvolumes = {•},
OPTseries = {•},
OPTnumber = {•},
OPTnote = {•},
OPTorganization = {•},
OPTpublisher = {•},
OPTlocation = {•},
OPTmonth = {•},
OPTisbn = {•},
OPTchapter = {•},
OPTpages = {•},
OPTaddendum = {•},
OPTpubstate = {•},
OPTdoi = {•},
OPTeprint = {•},
OPTeprintclass = {•},
OPTeprinttype = {•},
OPTurl = {•},
OPTurldate = {•},
}
